@ARTICLE{yang2004two,
  author =       {Yang, Jian and Zhang, David and Frangi, Alejandro F and Yang, {Jing-yu}},
  title =        {Two{-}dimensional {PCA}: a new approach to appearance-based face representation and recognition},
  journal =      {IEEE transactions on pattern analysis and machine intelligence},
  year =         {2004},
  volume =       {26},
  number =       {1},
  pages =        {131--137},
  month =        {},
  note =         {},
  abstract =     {},
  keywords =     {},
  source =       {IEEE},
}





@ARTICLE{zhang20052d,
  author =       {Zhang, Daoqiang and Zhou, Zhi-Hua},
  title =        {{(2D)\textsuperscript{2}PCA}: two-directional two-dimensional {PCA} for efficient face representation and recognition},
  journal =      {Neurocomputing},
  year =         {2005},
  volume =       {69},
  number =       {1-3},
  pages =        {224--231},
  month =        {},
  note =         {},
  abstract =     {},
  keywords =     {},
  source =       {Elsevier},
}



@ARTICLE{chen2005feature,
  author =       {Chen, Songcan and Zhu, Yulian and Zhang, Daoqiang and Yang, {Jing-Yu}},
  title =        {Feature extraction approaches based on matrix pattern: {MatPCA} and {MatFLDA}},
  journal =      {Pattern recognition letters},
  year =         {2005},
  volume =       {26},
  number =       {8},
  pages =        {1157--1167},
  month =        {},
  note =         {},
  abstract =     {},
  keywords =     {},
  source =       {Elsevier},
}



@ARTICLE{kilmer2011factorization,
  author =       {Kilmer, Misha E and Martin, Carla D},
  title =        {Factorization strategies for third-order tensors},
  journal =      {Linear Algebra and its Applications},
  year =         {2011},
  volume =       {435},
  number =       {3},
  pages =        {641--658},
  month =        {},
  note =         {},
  abstract =     {},
  keywords =     {},
  source =       {Elsevier},
}



@ARTICLE{kilmer2013third,
  author =       {Kilmer, Misha E and Braman, Karen and Hao, Ning and Hoover, Randy C},
  title =        {Third-order tensors as operators on matrices: A theoretical and computational framework with applications in imaging},
  journal =      {{SIAM} Journal on Matrix Analysis and Applications},
  year =         {2013},
  volume =       {34},
  number =       {1},
  pages =        {148--172},
  month =        {},
  note =         {},
  abstract =     {},
  keywords =     {},
  source =       {SIAM},
}




@ARTICLE{liao2020generalized,
  author =       {Liao, Liang and Maybank, Stephen John},
  title =        {Generalized visual information analysis via tensorial algebra},
  journal =      {Journal of Mathematical Imaging and Vision},
  year =         {2020},
  volume =       {62},
  number =       {},
  pages =        {560--584},
  month =        {},
  note =         {},
  abstract =     {},
  keywords =     {},
  source =       {Springer},
}



@ARTICLE{liao2020general,
  author =       {Liao, Liang and Maybank, Stephen John},
  title =        {General Data Analytics With Applications To Visual Information Analysis: A Provable Backward-Compatible Semisimple Paradigm Over T-Algebra},
  journal =      {arXiv preprint arXiv:2011.00307},
  year =         {2020},
  volume =       {},
  number =       {},
  pages =        {1-53},
  month =        {},
  note =         {},
  abstract =     {},
  keywords =     {},
  source =       {arXiv},
}





@ARTICLE{liao2017hyperspectral,
  author =       {Ren, Yuemei and Liao, Liang and Maybank, Stephen John and Zhang, Yanning and Liu, Xin},
  title =        {Hyperspectral image spectral-spatial feature extraction via tensor principal component analysis},
  journal =      {{IEEE} Geoscience and Remote Sensing Letters},
  year =         {2017},
  volume =       {14},
  number =       {9},
  pages =        {1431--1435},
  month =        {},
  note =         {},
  abstract =     {},
  keywords =     {},
  source =       {IEEE},
}








